@legislation{schug,
    title = {Bundesgesetz über die Ordnung von Unterricht und Erziehung in den im Schulorganisationsgesetz geregelten Schulen},
    shorttitle = {SchUG},
    year = {1986},
    number = {BGBl. Nr. 472/1986},
    url = {https://www.ris.bka.gv.at/GeltendeFassung.wxe?Abfrage=Bundesnormen&Gesetzesnummer=10009600}
}

@legislation{pruefung,
    title = {Prüfungsordnung BMHS, Bildungsanstalten},
    year = {2012},
    number = {BGBl. II Nr. 177/2012},
    url = {https://www.ris.bka.gv.at/GeltendeFassung.wxe?Abfrage=Bundesnormen&Gesetzesnummer=20007845}
}

@online{spring,
    author = {VMWare},
    title = {The Spring Framework},
    year = {2024},
    url = {https://spring.io},
}

@online{vuejs,
    author = {Evan You},
    title = {Vue.js},
    year = {2024},
    url = {https://vuejs.org/},
}

@online{godot,
    author = {Juan Linietsky, Ariel Manzur, and the Godot community},
    title = {Godot Engine},
    year = {2024},
    url = {https://godotengine.org/},
}
q
@online{qt,
    author = {Qt Group},
    title = {Qt Framework},
    year = {2024},
    url = {https://www.qt.io/},
}

@online{sdl,
    author = {Sam Lantinga},
    title = {Simple DirectMedia Layer (SDL)},
    year = {2024},
    url = {https://www.libsdl.org/},
}

@online{adafruit-tftlcd,
    author = {Adafruit},
    title = {Adafruit TFTLCD library},
    year = {2024},
    url = {https://github.com/adafruit/TFTLCD-Library},
}
